%
%  all.bib     June 3, 2002     Mark Senn
%
%  This is the BibTeX data file for a simple, example thesis.
%
%  I like to order the entries by author, and within author by year.
%  If, for example, I later added a second 1994 publication for Goossens,
%  I would give it the key, ``Goossens:1994b''.
%

@Book{Goossens:1994,
author    = {Michel Goossens and Frank Mittelbach and Alexander Samarin},
title     = {The {\LaTeX} Companion},
publisher = {Addison-Wesley},
address   = {Reading Massachusetts},
year      = 1994}

@Book{Kopka:1995,
author    = {Helmut Kopka and Patrick W. Daly},
title     = {A Guide to {\LaTeX}
            : Document Preparation for Beginners and Advanced Users},
edition   = {Second},
publisher = {Addison-Wesley},
address   = {Reading Massachusetts},
year      = 1995}

@Book{Kopka:1999,
author    = {Helmut Kopka and Patrick W. Daly},
title     = {A Guide to {\LaTeX},
            : Document Preparation for Beginners and Advanced Users},
edition   = {Third},
publisher = {Addison-Wesley},
address   = {Reading Massachusetts},
year      = 1999}

@Book{Lamport:1994,
author    = {Leslie Lamport},
title     = {{\LaTeX}: A Document Preparation System},
publisher = {Addison-Wesley},
address   = {Reading Massachusetts},
year      = 1994}

@inproceedings{Lu2008,
	author = {Lu, Shan and Park, Soyeon and Seo, Eunsoo and Zhou, Yuanyuan},
	title = {{Learning from Mistakes: A Comprehensive Study on Real World Concurrency Bug Characteristics}},
	booktitle = {{Proceedings of the 13th International Conference on Architectural Support for Programming Languages and Operating Systems}},
	series = {ASPLOS XIII},
	year = {2008},
	isbn = {978-1-59593-958-6},
	location = {Seattle, WA, USA},
	pages = {329--339},
	numpages = {11},
	url = {http://doi.acm.org/10.1145/1346281.1346323},
	doi = {10.1145/1346281.1346323},
	acmid = {1346323},
	publisher = {ACM},
	address = {New York, NY, USA},
	keywords = {bug characteristics, concurrency bug, concurrent program},
}

@inproceedings{Kavadias2010,
	author = {Kavadias, Stamatis G. and Katevenis, Manolis G.H. and Zampetakis, Michail and Nikolopoulos, Dimitrios S.},
	title = {{On-chip Communication and Synchronization Mechanisms with Cache-integrated Network Interfaces}},
	booktitle = {{Proceedings of the 7th ACM International Conference on Computing Frontiers}},
	series = {CF '10},
	year = {2010},
	isbn = {978-1-4503-0044-5},
	location = {Bertinoro, Italy},
	pages = {217--226},
	numpages = {10},
	url = {http://doi.acm.org/10.1145/1787275.1787328},
	doi = {10.1145/1787275.1787328},
	acmid = {1787328},
	publisher = {ACM},
	address = {New York, NY, USA},
	keywords = {cache, explicit communication, inter-processor synchronization, network interface},
}

@phdthesis{Turon2013,
	author = {Turon, Aaron},
	advisor = {Wand, Mitchell},
	title = {{Understanding and Expressing Scalable Concurrency}},
	year = {2013},
	isbn = {978-1-303-03256-1},
	note = {AAI3558728},
	publisher = {Northeastern University},
	address = {Boston, MA, USA},
}

@article{Lauer1979,
	author = {Lauer, Hugh C. and Needham, Roger M.},
	title = {{On the Duality of Operating System Structures}},
	journal = {{SIGOPS Opererating Systetms Review}},
	issue_date = {April 1979},
	volume = {13},
	number = {2},
	month = apr,
	year = {1979},
	issn = {0163-5980},
	pages = {3--19},
	numpages = {17},
	url = {http://doi.acm.org/10.1145/850657.850658},
	doi = {10.1145/850657.850658},
	acmid = {850658},
	publisher = {ACM},
	address = {New York, NY, USA},
}

@article{Sewell2010,
	author = {{Sewell, Peter and Sarkar, Susmit and Owens, Scott and Nardelli, Francesco Zappa and Myreen, Magnus O.}},
	title = {{X86-TSO: A Rigorous and Usable Programmer's Model for x86 Multiprocessors}},
	journal = {Commun. ACM},
	issue_date = {July 2010},
	volume = {53},
	number = {7},
	month = jul,
	year = {2010},
	issn = {0001-0782},
	pages = {89--97},
	numpages = {9},
	url = {http://doi.acm.org/10.1145/1785414.1785443},
	doi = {10.1145/1785414.1785443},
	acmid = {1785443},
	publisher = {ACM},
	address = {New York, NY, USA},
}

@inproceedings{Sarkar2011,
	author = {Sarkar, Susmit and Sewell, Peter and Alglave, Jade and Maranget, Luc and Williams, Derek},
	title = {Understanding POWER Multiprocessors},
	booktitle = {Proceedings of the 32Nd ACM SIGPLAN Conference on Programming Language Design and Implementation},
	series = {PLDI '11},
	year = {2011},
	isbn = {978-1-4503-0663-8},
	location = {San Jose, California, USA},
	pages = {175--186},
	numpages = {12},
	url = {http://doi.acm.org/10.1145/1993498.1993520},
	doi = {10.1145/1993498.1993520},
	acmid = {1993520},
	publisher = {ACM},
	address = {New York, NY, USA},
	keywords = {relaxed memory models, semantics},
}

@inproceedings{Batty2011,
	author = {Batty, Mark and Owens, Scott and Sarkar, Susmit and Sewell, Peter and Weber, Tjark},
	title = {{Mathematizing C++ Concurrency}},
	booktitle = {{Proceedings of the 38th Annual ACM SIGPLAN-SIGACT Symposium on Principles of Programming Languages}},
	series = {POPL '11},
	year = {2011},
	isbn = {978-1-4503-0490-0},
	location = {Austin, Texas, USA},
	pages = {55--66},
	numpages = {12},
	url = {http://doi.acm.org/10.1145/1926385.1926394},
	doi = {10.1145/1926385.1926394},
	acmid = {1926394},
	publisher = {ACM},
	address = {New York, NY, USA},
	keywords = {relaxed memory models, semantics},
}

@inproceedings{Demange2013,
	author = {Demange, Delphine and Laporte, Vincent and Zhao, Lei and Jagannathan, Suresh and Pichardie, David and Vitek, Jan},
	title = {{Plan B: A Buffered Memory Model for Java}},
	booktitle = {{Proceedings of the 40th Annual ACM SIGPLAN-SIGACT Symposium on Principles of Programming Languages}},
	series = {POPL '13},
	year = {2013},
	isbn = {978-1-4503-1832-7},
	location = {Rome, Italy},
	pages = {329--342},
	numpages = {14},
	url = {http://doi.acm.org/10.1145/2429069.2429110},
	doi = {10.1145/2429069.2429110},
	acmid = {2429110},
	publisher = {ACM},
	address = {New York, NY, USA},
	keywords = {concurrency, java, memory model, verified compilation},
}
